<?xml version="1.0" encoding="UTF-8"?><record xmlns="http://www.loc.gov/MARC21/slim" xmlns:cinclude="http://apache.org/cocoon/include/1.0" xmlns:zs="http://www.loc.gov/zing/srw/">
  <leader>00701cz  a2200181n  4500</leader>
  <controlfield tag="001">n  83742826 </controlfield>
  <controlfield tag="003">DLC</controlfield>
  <controlfield tag="005">20081220080832.0</controlfield>
  <controlfield tag="008">831123n| acacbaaan          |a ana      </controlfield>
  <datafield tag="010" ind1=" " ind2=" ">
    <subfield code="a">n  83742826 </subfield>
  </datafield>
  <datafield tag="035" ind1=" " ind2=" ">
    <subfield code="a">(OCoLC)oca01051909</subfield>
  </datafield>
  <datafield tag="040" ind1=" " ind2=" ">
    <subfield code="a">DLC</subfield>
    <subfield code="b">eng</subfield>
    <subfield code="c">DLC</subfield>
    <subfield code="d">DLC</subfield>
    <subfield code="d">OCoLC</subfield>
  </datafield>
  <datafield tag="130" ind1=" " ind2="0">
    <subfield code="a">SCAAN publication</subfield>
  </datafield>
  <datafield tag="430" ind1=" " ind2="0">
    <subfield code="a">S.C.A.A.N. publication</subfield>
  </datafield>
  <datafield tag="410" ind1="2" ind2=" ">
    <subfield code="a">Stanford Central America Action Network.</subfield>
    <subfield code="t">SCAAN publication</subfield>
  </datafield>
  <datafield tag="643" ind1=" " ind2=" ">
    <subfield code="a">Stanford, Calif.</subfield>
    <subfield code="b">Stanford Central America Action Network</subfield>
  </datafield>
  <datafield tag="667" ind1=" " ind2=" ">
    <subfield code="a">Give as a quoted note if Stanford Central America Action Network does not appear in the publication, etc., area</subfield>
  </datafield>
  <datafield tag="670" ind1=" " ind2=" ">
    <subfield code="a">Human rights and United States policy in Central America, 1983:</subfield>
    <subfield code="b">p. 4 of cover</subfield>
  </datafield>
</record>